<?xml version="1.0" encoding="UTF-8"?><collection xmlns="http://www.loc.gov/MARC21/slim"><record><leader>00385nam--2200133-i-4500</leader><controlfield tag="001">000013139</controlfield><controlfield tag="002">20161230</controlfield><controlfield tag="005">20161230201030</controlfield><controlfield tag="008">060222s1000------------r-----000-0-eng-d</controlfield><datafield ind1=" " ind2=" " tag="080"><subfield code="a">001.891</subfield></datafield><datafield ind1=" " ind2=" " tag="245"><subfield code="a">Scientific productivity. the effective ness of research groups in six countries</subfield></datafield><datafield ind1=" " ind2=" " tag="260"><subfield code="a">Cambridge, University Press, 1979 Xv + 469 P</subfield></datafield><datafield ind1=" " ind2=" " tag="700"><subfield code="a">Andrews, Frank M</subfield></datafield><datafield ind1=" " ind2=" " tag="852"><subfield code="a">47431</subfield></datafield></record></collection>